<?xml version="1.0" encoding="UTF-8"?><collection xmlns="http://www.loc.gov/MARC21/slim"><record><leader>00374nam--2200145-i-4500</leader><controlfield tag="001">000017474</controlfield><controlfield tag="002">20161230</controlfield><controlfield tag="005">20170126012036</controlfield><controlfield tag="008">060222s1000------------r-----000-0-eng-d</controlfield><datafield ind1=" " ind2=" " tag="080"><subfield code="a">541.128:542.97</subfield></datafield><datafield ind1=" " ind2=" " tag="245"><subfield code="a">Advances in catalysis and related subjects</subfield></datafield><datafield ind1=" " ind2=" " tag="260"><subfield code="a">New York</subfield><subfield code="b">Academic Press</subfield><subfield code="c">1955-</subfield></datafield><datafield ind1=" " ind2=" " tag="700"><subfield code="a">Eley, D. D</subfield></datafield><datafield ind1=" " ind2=" " tag="852"><subfield code="a">13149</subfield></datafield><datafield ind1=" " ind2=" " tag="CAT"><subfield code="a">SYS</subfield><subfield code="c">20170126</subfield><subfield code="h">012036</subfield></datafield></record></collection>